@article{E-030,
  title={Norma E-030 Dise√±o sismorresistente},
  author={E-030},
  year={2018},
  publisher={Sencico}
}
