@book{san1998analisis,
  title={An{\'a}lisis de edificios},
  author={Bartolomé, San},
  year={1998},
  publisher={Pontificia Universidad Cat{\'o}lica del Per{\'u}. Fondo Editorial}
}

@book{ovi2016,
  title={Diseño sismorresistente de edificaciones de concreto armado},
  author={Oviedo, Ricardo},
  year={2016},
  publisher={Oviedo Ingeniería EIRL}
}

@book{blanco,
  title={Estructuración y diseño de edificaciones de concreto armado},
  author={Blanco, Antonio},
  year={2011},
  publisher={Capitulo de Ingeniería Civil-Lima}
}

@article{E-030,
  title={Norma E-030 Diseño sismorresistente},
  author={E-030},
  year={2018},
  publisher={Sencico}
}

@article{E-060,
  title={Norma E-060 Concreto Armado},
  author={E-060},
  year={2009},
  publisher={Sencico}
}

@article{E-020,
  title={Norma E-020 Cargas},
  author={E-020},
  year={2006},
  publisher={Sencico}
}

@article{comen,
  title={Comentarios a la norma peruana E-030 Diseño sismorresistente},
  author={Muñoz, Alejandro},
  year={2020},
  publisher={Sencico}
}

@inproceedings{ACI19,
  title={Building Code Requirements for Structural Concrete (ACI 318-19)},
  author={ACI},
  booktitle={American Concrete Institute},
  year={2019}
}

@book{harmsen2005diseno,
  title={Dise{\~n}o de estructuras de concreto armado},
  author={Harmsen, Teodoro E},
  year={2005},
  publisher={Fondo editorial PUCP}
}

@article{montejo2013tecnologia,
  title={Tecnolog{\'\i}a y patolog{\'\i}a del concreto armado},
  author={Montejo Fonseca, Alfonso and Montejo Piratova, Francy and Montejo Piratova, ALEJANDRO},
  journal={Colombia: Universidad Cat{\'o}lica de Colombia},
  year={2013}
}

@book{pasino2011,
  title={Material de Apoyo para la Ense{\~n}anza de los Cursos de Dise{\~n}o y Comportamiento del Concreto Armado},
  author={Ottazzi, Gianfranco Antonio},
  year={2011},
  publisher={Pontificia Universidad Católica del Peru-CENTRUM Catolica (Peru)}
}

@book{cordova2015,
  title={Diseño de estructuras de hormigon armado},
  author={Cordova, Carlos},
  year={2015},
  publisher={Universidad de Santiago de Chile}
}

@misc{empuje,
author = {Yepes, Victor},
title = {Empuje de tierras, ¿mejor Coulomb o Rankine?},
year = {2019},
howpublished = "\url{https://victoryepes.blogs.upv.es/2019/11/27/empuje-de-tierras-mejor-coulomb-o-rankine/}",
urldate = {08-06-2022}
}

@book{CAPUCP,
  title={Curso de Concreto Armado 2},
  author={Higashi, Julio},
  year={2017},
  publisher={PUCP}
}
